/home/blazej/work/publications/references.bib